@article{madariaga1998argandona,
  title     = {Argando{\~n}a Ramiz, Antonio; Gamez Amian, Consuelo; Moch{\'o}n Morcillo, Francisco:" Macroeconom{\'\i}a avanzada"(Book Review)},
  author    = {Madariaga, Joseba},
  journal   = {Bolet{\'\i}n de Estudios Econ{\'o}micos},
  volume    = {53},
  pages     = {386},
  year      = {1998},
  publisher = {Universidad Comercial de Deusto.}
}

